# GENERAL REFS

# CONTRACT SECURITY

@misc{marketcap,
    title={For First Time Bitcoin Accounts for Less Than Half of Market Cap of All Cryptocurrencies},
    author={Laura Shin},
    year={2017},
    month={May},
    howpublished={\url{https://www.forbes.com/sites/laurashin/2017/05/16/for-first-time-bitcoin-accounts-for-less-than-half-of-market-cap-of-all-cryptocurrencies/}}
}

@misc{bitcoin,
    title={Bitcoin: A peer-to-peer electronic cash system},
    author={Nakamoto, Satoshi},
    year={2008}
}

@misc{colored,
    title={Colored Coins},
    year={2013}
}

@misc{publicprivate,
    title={On Public and Private Blockchains},
    author={Buterin, Vitalik},
    howpublished={\url{https://blog.ethereum.org/2015/08/07/on-public-and-private-blockchains}},
    year={2015}
}

@article{bitcoinsoftware,
    title={Bitcoin open source implementation of P2P currency},
    author={Nakamoto, Satoshi},
    journal={P2P Foundation},
    volume={18},
    year={2009}
}

# SCALABILITY REFERENCES  

@inproceedings{onscaling,
    title={On scaling decentralized blockchains},
    author={Croman, Kyle and Decker, Christian and Eyal, Ittay and Gencer, Adem Efe and Juels, Ari and Kosba, Ahmed and Miller, Andrew and Saxena, Prateek and Shi, Elaine and Sirer, Emin G{\"u}n and others},
    booktitle={International Conference on Financial Cryptography and Data Security},
    pages={106--125},
    year={2016},
    organization={Springer}
}

@article{sidechains,
    title={Enabling blockchain innovations with pegged sidechains},
    author={Back, Adam and Corallo, Matt and Dashjr, Luke and Friedenbach,
        Mark and Maxwell, Gregory and Miller, Andrew and Poelstra, Andrew
            and Tim{\'o}n, Jorge and Wuille, Pieter},
    journal={URL: http://www. opensciencereview.
        com/papers/123/enablingblockchain-innovations-with-pegged-sidechains},
    year={2014}
}

@article{pos,
    title =	 {On stake and consensus},
    author =	 {Poelstra, Andrew},
    year =	 {2015},
    howpublished = {\url{https://download.wpsoftware.net/bitcoin/pos.pdf}}
}

@article{ethereum,
  title={Ethereum: A secure decentralised generalised transaction ledger},
  author={Wood, Gavin},
  journal={Ethereum Project Yellow Paper},
  volume={151},
  year={2014}
}

@article{vitalik,
  title={A next-generation smart contract and decentralized application platform},
  author={Buterin, Vitalik and others},
  journal={white paper},
  year={2014}
}

@misc{tiernolan,
  Author = {Tier Nolan},
  Howpublished = {\url{bitcointalk.org}},
  Month = {May},
  Title = {{Alt chains and atomic transfers}},
  Year = {2013},
  Bdsk-Url-1 = {https://bitcointalk.org/index.php?topic=193281#msg2224949}
}

@article{daofork,
  title={Experiments in Algorithmic Governance: A history and ethnography of
      ``The DAO,'' a failed Decentralized Autonomous Organization},
  author={DuPont, Quinn},
  journal={Bitcoin and Beyond: Cryptocurrencies, Blockchains and Global Governance. Routledge},
  year={2017}
}

@inproceedings{pow,
  title={Pricing via processing or combatting junk mail},
  author={Dwork, Cynthia and Naor, Moni},
  booktitle={Annual International Cryptology Conference},
  pages={139--147},
  year={1992},
  organization={Springer}
}

@inproceedings{sok,
  title={Sok: Research perspectives and challenges for bitcoin and cryptocurrencies},
  author={Bonneau, Joseph and Miller, Andrew and Clark, Jeremy and Narayanan, Arvind and Kroll, Joshua A and Felten, Edward W},
  booktitle={Security and Privacy (SP), 2015 IEEE Symposium on},
  pages={104--121},
  year={2015},
  organization={IEEE}
}

@book{princetonbook,
  title={Bitcoin and Cryptocurrency Technologies: A Comprehensive Introduction},
  author={Narayanan, Arvind and Bonneau, Joseph and Felten, Edward and Miller, Andrew and Goldfeder, Steven},
  year={2016},
  publisher={Princeton University Press}
}

@book{antonopoulosbook,
  title={Mastering Bitcoin: unlocking digital cryptocurrencies},
  author={Antonopoulos, Andreas M},
  year={2014},
  publisher={" O'Reilly Media, Inc."}
}
@inproceedings{merkle,
  title={A digital signature based on a conventional encryption function},
  author={Merkle, Ralph C},
  booktitle={Conference on the Theory and Application of Cryptographic Techniques},
  pages={369--378},
  year={1987},
  organization={Springer}
}

@article{erc20,
  title={ERC-20 Token Standard. Sept. 2017},
  author={Vogelsteller, Fabian and Buterin, Vitalik},
  journal={URl: https://github.com/ethereum/EIPs/blob/master/EIPS/eip-20-tokenstandard.md},
  year={2015}
}